@string{SBAC = "International Symposium on Computer Architecture and High Performance Computing ({SBAC-PAD})"}
@string{ICPP = "International Conference on Parallel Processing ({ICPP})"}
@string{WAMCA = "Workshop on Application for Multi-Core Architecture ({WAMCA})"}
@string{IPDPS = "International Parallel and Distributed Processing Symposium ({IPDPS})"},

@InProceedings{SalamancaIPDPS16,
  author = 	 {Juan Salamanca and Jos\'e Nelson Amaral and Guido Ara\'ujo},
  title = 	 {Evaluating and Improving Thread-Level Speculation in Hardware Transactional Memories},
  booktitle = IPDPS,
  year = 	 2016,
  address = 	 {Chicago, IL, USA},
  month = 	 {May}}

@Article{PereiraParCo16,
  author = 	 {M\'arcio Machado Pereira and Mathew Gaudet and Jos\'e Nelson Amaral and Guido Ara\'ujo},
  title = 	 {Study of Hardware Transactional Memory Characteristics and Serialization Policies on Haswell},
  journal = 	 {Parallel Computing},
  year = 	 2016,
  note = 	 {to appear}}

@InProceedings{PereiraSBAC14,
  author = 	 {M\'arcio Machado Pereira and Mathew Gaudet and Jos\'e Nelson Amaral and Guido Ara\'ujo},
  title = 	 {Multi-dimensional Evaluation of {Haswell}'s Transactional Memory Performance},
  booktitle =    SBAC,
  year = 	 2014,
  address = 	 {Paris, France},
  month = 	 {October}
}

@InProceedings{PereiraICPP14,
  author = 	 {M\'arcio Machado Pereira and Jos\'e Nelson Amaral and Guido Ara\'ujo},
  title = 	 {Measuring Effective Work to Reward Success in Dynamic Transaction Scheduling},
  booktitle = ICPP,
  year = 	 2014,
  address = 	 {Minneapolis, MN, USA},
  month = 	 {September}}

@InProceedings{GaudetSBAC15,
  author = 	 {Matthew Gaudet and Jos\'e Nelson Amaral and Guido Ara\'ujo},
  title = 	 {Serialization Management for Best-Effort Hardware Transactional Memory: A key for performance},
  booktitle =    SBAC,
  year = 	 2015,
  address = 	 {Florianopolis, SC, Brazil},
  month = 	 {October}}

@InProceedings{SalamancaWAMCA15,
  author = 	 {Juan Salamanca and Jos\'e Nelson Amaral and Guido Ara\'ujo},
  title = 	 {Using Hardware Transactional Memory to Enable Speculative Trace Optimization},
  booktitle = WAMCA,
  year = 	 2015,
  address = 	 {Florianopolis, SC, Brazil},
  month = 	 {October}}

